<?xml version="1.0" encoding="UTF-8"?><collection xmlns="http://www.loc.gov/MARC21/slim"><record><leader>00641nam--2200181-i-4500</leader><controlfield tag="001">000011387</controlfield><controlfield tag="002">20161230</controlfield><controlfield tag="005">20161230201029</controlfield><controlfield tag="008">060222s1000------------r-----000-0-eng-d</controlfield><datafield ind1=" " ind2=" " tag="040"><subfield code="a">IFIN-HH</subfield></datafield><datafield ind1=" " ind2=" " tag="080"><subfield code="a">548.9(061.3)</subfield></datafield><datafield ind1="1" ind2=" " tag="100"><subfield code="a">Johnson, Julian F</subfield></datafield><datafield ind1="1" ind2="0" tag="245"><subfield code="a">Liquid Crystals and Ordered Fluids</subfield><subfield code="b">Proceedings of an American Chemical Society Symposium on Ordered Fluids and Liquid Crystals, held in New York City, September 10-12, 1969. Vol. 1</subfield><subfield code="c">Julian F. Johnson, Roger S. Porter (Eds.)</subfield></datafield><datafield ind1=" " ind2=" " tag="260"><subfield code="a">New York</subfield><subfield code="b">Plenum Press</subfield><subfield code="c">1970</subfield></datafield><datafield ind1=" " ind2=" " tag="300"><subfield code="a">494 p</subfield></datafield><datafield ind1="1" ind2=" " tag="700"><subfield code="a">Porter, Roger S</subfield></datafield><datafield ind1=" " ind2=" " tag="852"><subfield code="a">42744</subfield><subfield code="c">532</subfield></datafield><datafield ind1=" " ind2=" " tag="CAT"><subfield code="a">Sys</subfield><subfield code="c">20100721</subfield><subfield code="h">090057</subfield></datafield></record></collection>